@misc{TIHH,
	title="{Technisch Instituut Heilig Hart}",
    howpublished={\url{http://www.tihh.be/}}
}

@misc{CDO,
	title="{Centrum voor Deeltijds Onderwijs (CDO)}",
    howpublished={\url{http://data-onderwijs.vlaanderen.be/onderwijsaanbod/default.aspx/so/dbso}}
}

@misc{Syntra,
	title={Syntra},
    howpublished={\url{http://www.syntra.be/}}
}

@misc{Duaal_leren,
	title={Duaal leren},
    howpublished={\url{http://www.hildecrevits.be/nl/35-tal-scholen-organiseren-vanaf-1-september-2016-duaal-leren-proeffase}}
}

@misc{DBSO,
	title="{Deeltijds Beroepssecundair Onderwijs (DBSO)}",
    howpublished={\url{http://www.vlaanderen.be/nl/onderwijs-en-wetenschap/onderwijsaanbod/deeltijds-beroepssecundair-onderwijs-dbso}}
}

@misc{Competenties,
	title="{Competenties per DBSO opleiding}",
    howpublished={\url{http://www.ond.vlaanderen.be/curriculum/leren-en-werken/deeltijds-beroepssecundair-onderwijs/opleidingen/}}
}

@misc{Doelstellingen,
	title="{Eindtermen van het secundair onderwijs}",
    howpublished={\url{http://www.ond.vlaanderen.be/curriculum/secundair-onderwijs/index.htm}}
}

@misc{Spring,
	title="{Java Spring Framework}",
    howpublished={\url{https://spring.io/}}
}

@misc{AngularJS,
	title="{AngularJS Framework}",
    howpublished={\url{https://angularjs.org/}}
}

@misc{Bootstrap,
	title="{Bootstrap Framework}",
    howpublished={\url{http://getbootstrap.com/}}
}

@misc{MySQL,
	title="{MySQL}",
    howpublished={\url{https://www.mysql.com/products/community/}}
}

@misc{Tomcat,
	title="{Tomcat}",
    howpublished={\url{http://tomcat.apache.org/}}
}

@misc{REST,
	title="{Representational State Transfer (REST)}",
    howpublished={\url{https://en.wikipedia.org/wiki/Representational_state_transfer}}
}

@misc{AngularUI,
	title={Angular-UI},
    howpublished={\url{https://angular-ui.github.io/bootstrap/}}
}
@misc{RAIL,
    title="{The RAIL perormance model}",
    howpublished={\url{https://developers.google.com/web/tools/chrome-devtools/profile/evaluate-performance/rail}}
}


